% Encoding: UTF-8
%% This BibTeX bibliography file was created using BibDesk.
%% http://bibdesk.sourceforge.net/

%% Created for Ondrej Maxian at 2020-01-18 12:56:12 -0500 


%% Saved with string encoding Unicode (UTF-8) 



@article{manikantan2013subdiffusive,
	Author = {Manikantan, Harishankar and Saintillan, David},
	Date-Added = {2020-01-18 17:35:18 +0000},
	Date-Modified = {2020-01-18 17:35:18 +0000},
	Journal = {Physics of Fluids},
	Number = {7},
	Pages = {073603},
	Publisher = {AIP},
	Title = {Subdiffusive transport of fluctuating elastic filaments in cellular flows},
	Volume = {25},
	Year = {2013}}

@article{tornberg2006numerical,
	Author = {Tornberg, Anna-Karin and Gustavsson, Katarina},
	Date-Added = {2020-01-18 17:30:46 +0000},
	Date-Modified = {2020-01-18 17:30:46 +0000},
	Journal = {Journal of Computational Physics},
	Number = {1},
	Pages = {172--196},
	Publisher = {Elsevier},
	Title = {A numerical method for simulations of rigid fiber suspensions},
	Volume = {215},
	Year = {2006}}

@article{shelley1996nonlocal,
	Author = {Shelley, Michael J and Ueda, Tetsuji},
	Date-Added = {2020-01-18 17:20:02 +0000},
	Date-Modified = {2020-01-18 17:20:02 +0000},
	Journal = {Advances in multi-fluid flows},
	Pages = {415--425},
	Publisher = {SIAM, Philadelphia, PA},
	Title = {The nonlocal dynamics of stretching, buckling filaments},
	Year = {1996}}

@article{maxian19,
	Author = {Maxian, Ondrej and Peskin, Charles S},
	Date-Added = {2020-01-18 17:13:22 +0000},
	Date-Modified = {2020-01-18 17:15:52 +0000},
	Journal = {SIAM J. Sci. Comput.},
	Number = {XX},
	Pages = {XX},
	Title = {An immersed boundary method with subgrid resolution and improved numerical stability applied to slender bodies in Stokes flow},
	Volume = {XX},
	Year = {2019}}

@article{rostami2016kernel,
	Author = {Rostami, Minghao W and Olson, Sarah D},
	Date-Added = {2020-01-18 17:09:34 +0000},
	Date-Modified = {2020-01-18 17:09:34 +0000},
	Journal = {Journal of Fluids and Structures},
	Pages = {60--84},
	Publisher = {Elsevier},
	Title = {Kernel-independent fast multipole method within the framework of regularized Stokeslets},
	Volume = {67},
	Year = {2016}}

@article{cortez2005method,
	Author = {Cortez, Ricardo and Fauci, Lisa and Medovikov, Alexei},
	Date-Added = {2020-01-18 17:07:34 +0000},
	Date-Modified = {2020-01-18 17:07:34 +0000},
	Journal = {Physics of Fluids},
	Number = {3},
	Pages = {031504},
	Publisher = {AIP},
	Title = {The method of regularized Stokeslets in three dimensions: analysis, validation, and application to helical swimming},
	Volume = {17},
	Year = {2005}}

@article{cortez2001method,
	Author = {Cortez, Ricardo},
	Date-Added = {2020-01-18 17:07:16 +0000},
	Date-Modified = {2020-01-18 17:07:16 +0000},
	Journal = {SIAM Journal on Scientific Computing},
	Number = {4},
	Pages = {1204--1225},
	Publisher = {SIAM},
	Title = {The method of regularized Stokeslets},
	Volume = {23},
	Year = {2001}}

@article{nguyen2014hydrodynamics,
	Author = {Nguyen, Hoa and Fauci, Lisa},
	Date-Added = {2020-01-18 17:06:36 +0000},
	Date-Modified = {2020-01-18 17:06:36 +0000},
	Journal = {Journal of The Royal Society Interface},
	Number = {96},
	Pages = {20140314},
	Publisher = {The Royal Society},
	Title = {Hydrodynamics of diatom chains and semiflexible fibres},
	Volume = {11},
	Year = {2014}}

@article{young2009hydrodynamic,
	Author = {Young, Y-N},
	Date-Added = {2020-01-18 16:57:54 +0000},
	Date-Modified = {2020-01-18 16:57:54 +0000},
	Journal = {Physical Review E},
	Number = {4},
	Pages = {046317},
	Publisher = {APS},
	Title = {Hydrodynamic interactions between two semiflexible inextensible filaments in Stokes flow},
	Volume = {79},
	Year = {2009}}

@article{koens2018boundary,
	Author = {Koens, Lyndon and Lauga, Eric},
	Date-Added = {2020-01-18 14:40:56 +0000},
	Date-Modified = {2020-01-18 14:40:56 +0000},
	Journal = {Journal of Fluid Mechanics},
	Publisher = {Cambridge University Press},
	Title = {The boundary integral formulation of Stokes flows includes slender-body theory},
	Volume = {850},
	Year = {2018}}

@book{gotz2001interactions,
	Author = {G{\"o}tz, Thomas},
	Date-Added = {2020-01-18 14:35:25 +0000},
	Date-Modified = {2020-01-18 14:35:25 +0000},
	Publisher = {dissertation. de},
	Title = {Interactions of fibers and flow: asymptotics, theory and numerics},
	Year = {2001}}

@article{shelley2000stokesian,
	Author = {Shelley, Michael J and Ueda, Tetsuji},
	Date-Added = {2020-01-18 14:26:51 +0000},
	Date-Modified = {2020-01-18 14:26:51 +0000},
	Journal = {Physica D: Nonlinear Phenomena},
	Number = {1-4},
	Pages = {221--245},
	Publisher = {Elsevier},
	Title = {The Stokesian hydrodynamics of flexing, stretching filaments},
	Volume = {146},
	Year = {2000}}

@article{ahmed2015dynamic,
	Author = {Ahmed, Wylie W and Betz, Timo},
	Date-Added = {2020-01-18 14:20:13 +0000},
	Date-Modified = {2020-01-18 14:20:13 +0000},
	Journal = {Proceedings of the National Academy of Sciences},
	Number = {21},
	Pages = {6527--6528},
	Publisher = {National Acad Sciences},
	Title = {Dynamic cross-links tune the solid--fluid behavior of living cells},
	Volume = {112},
	Year = {2015}}

@phdthesis{fibexps,
	Author = {Bibb{\'o}, Miguel Angel},
	Date-Added = {2020-01-18 14:13:54 +0000},
	Date-Modified = {2020-01-18 14:13:54 +0000},
	School = {Massachusetts Institute of Technology},
	Title = {Rheology of semiconcentrated fiber suspensions},
	Year = {1987}}

@article{mackfibs,
	Author = {Mackaplow, Michael B and Shaqfeh, Eric SG},
	Date-Added = {2020-01-18 14:13:30 +0000},
	Date-Modified = {2020-01-18 14:13:30 +0000},
	Journal = {J. Fluid Mech.},
	Pages = {155--186},
	Publisher = {Cambridge University Press},
	Title = {A numerical study of the rheological properties of suspensions of rigid, non-Brownian fibres},
	Volume = {329},
	Year = {1996}}

@article{lauga2009hydrodynamics,
	Author = {Lauga, Eric and Powers, Thomas R},
	Date-Added = {2020-01-18 14:10:21 +0000},
	Date-Modified = {2020-01-18 14:10:21 +0000},
	Journal = {Reports on Progress in Physics},
	Number = {9},
	Pages = {096601},
	Publisher = {IOP Publishing},
	Title = {The hydrodynamics of swimming microorganisms},
	Volume = {72},
	Year = {2009}}

@article{lim2012fluid,
	Author = {Lim, Sookkyung and Peskin, Charles S},
	Date-Added = {2020-01-18 14:09:57 +0000},
	Date-Modified = {2020-01-18 14:09:57 +0000},
	Journal = {Physical Review E},
	Number = {3},
	Pages = {036307},
	Publisher = {APS},
	Title = {Fluid-mechanical interaction of flexible bacterial flagella by the immersed boundary method},
	Volume = {85},
	Year = {2012}}

@article{lauga2006swimming,
	Author = {Lauga, Eric and DiLuzio, Willow R and Whitesides, George M and Stone, Howard A},
	Date-Added = {2020-01-18 14:08:53 +0000},
	Date-Modified = {2020-01-18 14:08:53 +0000},
	Journal = {Biophysical journal},
	Number = {2},
	Pages = {400--412},
	Publisher = {Elsevier},
	Title = {Swimming in circles: motion of bacteria near solid boundaries},
	Volume = {90},
	Year = {2006}}

@article{brennen1977fluid,
	Author = {Brennen, Christopher and Winet, Howard},
	Date-Added = {2020-01-18 14:07:13 +0000},
	Date-Modified = {2020-01-18 14:07:13 +0000},
	Journal = {Annual Review of Fluid Mechanics},
	Number = {1},
	Pages = {339--398},
	Publisher = {Annual Reviews 4139 El Camino Way, PO Box 10139, Palo Alto, CA 94303-0139, USA},
	Title = {Fluid mechanics of propulsion by cilia and flagella},
	Volume = {9},
	Year = {1977}}

@article{berg1973bacteria,
	Author = {Berg, Howard C and Anderson, Robert A},
	Date-Added = {2020-01-18 14:06:41 +0000},
	Date-Modified = {2020-01-18 14:06:41 +0000},
	Journal = {Nature},
	Number = {5425},
	Pages = {380},
	Publisher = {Nature Publishing Group},
	Title = {Bacteria swim by rotating their flagellar filaments},
	Volume = {245},
	Year = {1973}}

@article{chwang1971note,
	Author = {Chwang, AT and Wu, Th Y},
	Date-Added = {2020-01-18 14:05:40 +0000},
	Date-Modified = {2020-01-18 14:05:40 +0000},
	Journal = {Proceedings of the Royal Society of London. Series B. Biological Sciences},
	Number = {1052},
	Pages = {327--346},
	Publisher = {The Royal Society London},
	Title = {A note on the helical movement of micro-organisms},
	Volume = {178},
	Year = {1971}}

@article{shelley2016dynamics,
	Author = {Shelley, Michael J},
	Date-Added = {2020-01-18 13:59:42 +0000},
	Date-Modified = {2020-01-18 13:59:42 +0000},
	Journal = {Annual Review of Fluid Mechanics},
	Pages = {487--506},
	Publisher = {Annual Reviews},
	Title = {The dynamics of microtubule/motor-protein assemblies in biology and physics},
	Volume = {48},
	Year = {2016}}

@article{kochdist1,
	Author = {Rahnama, Mani and Koch, Donald L and Iso, Yoichi and Cohen, Claude},
	Date-Added = {2020-01-18 13:57:56 +0000},
	Date-Modified = {2020-01-18 13:57:56 +0000},
	Journal = {Phys. Fluids A - Fluid},
	Number = {4},
	Pages = {849--862},
	Publisher = {AIP},
	Title = {Hydrodynamic, translational diffusion in fiber suspensions subject to simple shear flow},
	Volume = {5},
	Year = {1993}}

@article{kochsumfig,
	Author = {Sundararajakumar, RR and Koch, Donald L},
	Date-Added = {2020-01-18 13:57:50 +0000},
	Date-Modified = {2020-01-18 13:57:50 +0000},
	Journal = {J. Non-Newton. Fluid},
	Number = {3},
	Pages = {205--239},
	Publisher = {Elsevier},
	Title = {Structure and properties of sheared fiber suspensions with mechanical contacts},
	Volume = {73},
	Year = {1997}}

@article{rahnama1995effect,
	Author = {Rahnama, Mani and Koch, Donald L and Shaqfeh, Eric SG},
	Date-Added = {2020-01-18 13:57:37 +0000},
	Date-Modified = {2020-01-18 13:57:37 +0000},
	Doi = {10.1063/1.868647},
	Journal = {Phys. Fluids},
	Number = {3},
	Pages = {487--506},
	Publisher = {AIP},
	Title = {The effect of hydrodynamic interactions on the orientation distribution in a fiber suspension subject to simple shear flow},
	Volume = {7},
	Year = {1995},
	Bdsk-Url-1 = {http://dx.doi.org/10.1063/1.868647}}

@article{lauga09rev,
	Author = {Lauga, Eric and Powers, Thomas R},
	Date-Added = {2020-01-18 13:54:07 +0000},
	Date-Modified = {2020-01-18 13:54:25 +0000},
	Journal = {Reports on Progress in Physics},
	Number = {9},
	Pages = {096601},
	Publisher = {IOP Publishing},
	Title = {The hydrodynamics of swimming microorganisms},
	Volume = {72},
	Year = {2009}}

@article{du2019dynamics,
	Author = {Du Roure, Olivia and Lindner, Anke and Nazockdast, Ehssan N and Shelley, Michael J},
	Date-Added = {2020-01-17 21:28:06 +0000},
	Date-Modified = {2020-01-17 21:28:06 +0000},
	Doi = {10.1146/annurev-fluid-122316-045153},
	Journal = {Annu. Rev. Fluid. Mech.},
	Pages = {539--572},
	Publisher = {Annual Reviews},
	Title = {Dynamics of flexible fibers in viscous flows and fluids},
	Volume = {51},
	Year = {2019},
	Bdsk-Url-1 = {http://dx.doi.org/10.1146/annurev-fluid-122316-045153}}

@article{peskin2002acta,
	Author = {Peskin, Charles S},
	Date-Added = {2020-01-17 21:28:06 +0000},
	Date-Modified = {2020-01-17 21:28:06 +0000},
	Doi = {10.1017/S0962492902000077},
	Journal = {Acta Numer.},
	Pages = {479--517},
	Publisher = {Cambridge University Press},
	Title = {The immersed boundary method},
	Volume = {11},
	Year = {2002},
	Bdsk-Url-1 = {http://dx.doi.org/10.1017/S0962492902000077}}

@book{leveque2007finite,
	Author = {LeVeque, Randall J},
	Date-Added = {2020-01-17 21:28:06 +0000},
	Date-Modified = {2020-01-17 21:28:06 +0000},
	Publisher = {Siam},
	Title = {Finite difference methods for ordinary and partial differential equations: steady-state and time-dependent problems},
	Year = {2007}}

@article{wandableb13,
	Author = {Strychalski, Wanda and Guy, Robert D},
	Date-Added = {2020-01-17 21:28:06 +0000},
	Date-Modified = {2020-01-17 21:28:06 +0000},
	Doi = {10.1093/imammb/dqr030},
	Journal = {Math. Med. Biol.},
	Number = {2},
	Pages = {115--130},
	Publisher = {OUP},
	Title = {A computational model of bleb formation},
	Volume = {30},
	Year = {2013},
	Bdsk-Url-1 = {http://dx.doi.org/10.1093/imammb/dqr030}}

@article{peskin1972flow,
	Author = {Peskin, Charles S},
	Date-Added = {2020-01-17 21:28:06 +0000},
	Date-Modified = {2020-01-17 21:28:06 +0000},
	Doi = {10.1016/0021-9991(72)90065-4},
	Journal = {J. Comput. Phys.},
	Number = {2},
	Pages = {252--271},
	Publisher = {Elsevier},
	Title = {Flow patterns around heart valves: a numerical method},
	Volume = {10},
	Year = {1972},
	Bdsk-Url-1 = {http://dx.doi.org/10.1016/0021-9991(72)90065-4}}

@book{alberts,
	Author = {Alberts, Bruce and Johnson, Alexander and Lewis, Julian and Raff, Martin and Roberts, Keith and Walter, Peter},
	Date-Added = {2020-01-17 21:28:06 +0000},
	Date-Modified = {2020-01-17 21:28:06 +0000},
	Publisher = {Garland Science},
	Title = {Molecular biology of the cell},
	Year = {2002}}

@book{morrisonrheo,
	Author = {Morrison, Faith A and others},
	Date-Added = {2020-01-17 21:28:06 +0000},
	Date-Modified = {2020-01-17 21:28:06 +0000},
	Publisher = {Topics in Chemical Engineering},
	Title = {Understanding rheology},
	Year = {2001}}

@article{quennouz2015transport,
	Author = {Quennouz, N and Shelley, M and Du Roure, O and Lindner, A},
	Date-Added = {2020-01-17 21:28:06 +0000},
	Date-Modified = {2020-01-17 21:28:06 +0000},
	Doi = {10.1017/jfm.2015.115},
	Journal = {J. Fluid. Mech.},
	Pages = {387--402},
	Publisher = {Cambridge University Press},
	Title = {Transport and buckling dynamics of an elastic fibre in a viscous cellular flow},
	Volume = {769},
	Year = {2015},
	Bdsk-Url-1 = {http://dx.doi.org/10.1017/jfm.2015.115}}

@article{ott1993measurement,
	Author = {Ott, A and Magnasco, M and Simon, A and Libchaber, A},
	Date-Added = {2020-01-17 21:28:06 +0000},
	Date-Modified = {2020-01-17 21:28:06 +0000},
	Doi = {10.1103/PhysRevE.48.R1642},
	Journal = {Phys. Rev. E},
	Number = {3},
	Pages = {R1642},
	Publisher = {APS},
	Title = {Measurement of the persistence length of polymerized actin using fluorescence microscopy},
	Volume = {48},
	Year = {1993},
	Bdsk-Url-1 = {http://dx.doi.org/10.1103/PhysRevE.48.R1642}}

@article{van2008microtubule,
	Author = {Van den Heuvel, MGL and De Graaff, MP and Dekker, C},
	Date-Added = {2020-01-17 21:28:06 +0000},
	Date-Modified = {2020-01-17 21:28:06 +0000},
	Doi = {10.1073/pnas.0704169105},
	Journal = {P. Natl. Acad. Sci. USA},
	Number = {23},
	Pages = {7941--7946},
	Publisher = {National Acad Sciences},
	Title = {Microtubule curvatures under perpendicular electric forces reveal a low persistence length},
	Volume = {105},
	Year = {2008},
	Bdsk-Url-1 = {http://dx.doi.org/10.1073/pnas.0704169105}}

@article{wiens2015simulating,
	Author = {Wiens, Jeffrey K and Stockie, John M},
	Date-Added = {2020-01-17 21:28:06 +0000},
	Date-Modified = {2020-01-17 21:28:06 +0000},
	Doi = {10.1016/j.cma.2015.02.026},
	Journal = {Comput. Method. Appl. M.},
	Pages = {1--18},
	Publisher = {Elsevier},
	Title = {Simulating flexible fiber suspensions using a scalable immersed boundary algorithm},
	Volume = {290},
	Year = {2015},
	Bdsk-Url-1 = {http://dx.doi.org/10.1016/j.cma.2015.02.026}}

@article{lee2010immersed,
	Author = {Lee, Pilhwa and Griffith, Boyce E and Peskin, Charles S},
	Date-Added = {2020-01-17 21:28:06 +0000},
	Date-Modified = {2020-01-17 21:28:06 +0000},
	Doi = {10.1016/j.jcp.2010.03.036},
	Journal = {J. Comput. Phys.},
	Number = {13},
	Pages = {5208--5227},
	Publisher = {Elsevier},
	Title = {The immersed boundary method for advection--electrodiffusion with implicit timestepping and local mesh refinement},
	Volume = {229},
	Year = {2010},
	Bdsk-Url-1 = {http://dx.doi.org/10.1016/j.jcp.2010.03.036}}

@article{griffith2007adaptive,
	Author = {Griffith, Boyce E and Hornung, Richard D and McQueen, David M and Peskin, Charles S},
	Date-Added = {2020-01-17 21:28:06 +0000},
	Date-Modified = {2020-01-17 21:28:06 +0000},
	Doi = {10.1016/j.jcp.2006.08.019},
	Journal = {J. Comput. Phys.},
	Number = {1},
	Pages = {10--49},
	Publisher = {Elsevier},
	Title = {An adaptive, formally second order accurate version of the immersed boundary method},
	Volume = {223},
	Year = {2007},
	Bdsk-Url-1 = {http://dx.doi.org/10.1016/j.jcp.2006.08.019}}

@article{ehssan17,
	Author = {Nazockdast, Ehssan and Rahimian, Abtin and Zorin, Denis and Shelley, Michael},
	Date-Added = {2020-01-17 21:28:06 +0000},
	Date-Modified = {2020-01-17 21:28:06 +0000},
	Doi = {10.1016/j.jcp.2016.10.026},
	Journal = {J. Comput. Phys.},
	Pages = {173--209},
	Publisher = {Elsevier},
	Title = {A fast platform for simulating semi-flexible fiber suspensions applied to cell mechanics},
	Volume = {329},
	Year = {2017},
	Bdsk-Url-1 = {http://dx.doi.org/10.1016/j.jcp.2016.10.026}}

@article{rigidmblob,
	Author = {Balboa Usabiaga, Florencio and Kallemov, Bakytzhan and Delmotte, Blaise and Bhalla, Amneet and Griffith, Boyce and Donev, Aleksandar},
	Date-Added = {2020-01-17 21:28:06 +0000},
	Date-Modified = {2020-01-17 21:28:06 +0000},
	Doi = {10.2140/camcos.2016.11.217},
	Journal = {Comm. App. Math. Com. Sc.},
	Number = {2},
	Pages = {217--296},
	Publisher = {Mathematical Sciences Publishers},
	Title = {Hydrodynamics of suspensions of passive and active rigid particles: a rigid multiblob approach},
	Volume = {11},
	Year = {2017},
	Bdsk-Url-1 = {http://dx.doi.org/10.2140/camcos.2016.11.217}}

@article{fcm03,
	Author = {Lomholt, Sune and Maxey, Martin R},
	Date-Added = {2020-01-17 21:28:06 +0000},
	Date-Modified = {2020-01-17 21:28:06 +0000},
	Doi = {10.1016/S0021-9991(02)00021-9},
	Journal = {J. Comput. Phys.},
	Number = {2},
	Pages = {381--405},
	Publisher = {Elsevier},
	Title = {Force-coupling method for particulate two-phase flow: Stokes flow},
	Volume = {184},
	Year = {2003},
	Bdsk-Url-1 = {http://dx.doi.org/10.1016/S0021-9991(02)00021-9}}

@article{fcm10,
	Author = {Yeo, Kyongmin and Maxey, Martin R},
	Date-Added = {2020-01-17 21:28:06 +0000},
	Date-Modified = {2020-01-17 21:28:06 +0000},
	Doi = {10.1016/j.jcp.2009.11.041},
	Journal = {J. Comput. Phys.},
	Number = {6},
	Pages = {2401--2421},
	Publisher = {Elsevier},
	Title = {Simulation of concentrated suspensions using the force-coupling method},
	Volume = {229},
	Year = {2010},
	Bdsk-Url-1 = {http://dx.doi.org/10.1016/j.jcp.2009.11.041}}

@article{rpyOG,
	Author = {Rotne, Jens and Prager, Stephen},
	Date-Added = {2020-01-17 21:28:06 +0000},
	Date-Modified = {2020-01-17 21:28:06 +0000},
	Doi = {10.1063/1.1670977},
	Journal = {J. Chem. Phys.},
	Number = {11},
	Pages = {4831--4837},
	Publisher = {AIP},
	Title = {Variational treatment of hydrodynamic interaction in polymers},
	Volume = {50},
	Year = {1969},
	Bdsk-Url-1 = {http://dx.doi.org/10.1063/1.1670977}}

@article{sham17Ew,
	Author = {Shamshirgar, Davood Saffar and Tornberg, Anna-Karin},
	Date-Added = {2020-01-17 21:28:06 +0000},
	Date-Modified = {2020-01-17 21:28:06 +0000},
	Journal = {arXiv preprint arXiv:1712.04732},
	Title = {Fast Ewald summation for electrostatic potentials with arbitrary periodicity},
	Year = {2017}}

@article{lind11Ew,
	Author = {Lindbo, Dag and Tornberg, Anna-Karin},
	Date-Added = {2020-01-17 21:28:06 +0000},
	Date-Modified = {2020-01-17 21:28:06 +0000},
	Doi = {10.1016/j.jcp.2011.08.022},
	Journal = {J. Comput. Phys.},
	Number = {24},
	Pages = {8744--8761},
	Publisher = {Elsevier},
	Title = {Spectral accuracy in fast Ewald-based methods for particle simulations},
	Volume = {230},
	Year = {2011},
	Bdsk-Url-1 = {http://dx.doi.org/10.1016/j.jcp.2011.08.022}}

@article{barnettES,
	Author = {Barnett, Alexander H and Magland, Jeremy and af Klinteberg, Ludvig},
	Date-Added = {2020-01-17 21:28:06 +0000},
	Date-Modified = {2020-01-17 21:28:06 +0000},
	Doi = {10.1137/18M120885X},
	Journal = {SIAM J. Sci. Comput.},
	Number = {5},
	Pages = {C479--C504},
	Publisher = {SIAM},
	Title = {A Parallel Nonuniform Fast Fourier Transform Library Based on an ``Exponential of Semicircle" Kernel},
	Volume = {41},
	Year = {2019},
	Bdsk-Url-1 = {http://dx.doi.org/10.1137/18M120885X}}

@article{ts04,
	Author = {Tornberg, Anna-Karin and Shelley, Michael J},
	Journal = {Journal of Computational Physics},
	Number = {1},
	Pages = {8--40},
	Publisher = {Elsevier},
	Title = {Simulating the dynamics and interactions of flexible fibers in Stokes flows},
	Volume = {196},
	Year = {2004}}

@article{Hsplit,
	Author = {Hasimoto, Hidenori},
	Journal = {Journal of Fluid Mechanics},
	Number = {2},
	Pages = {317--328},
	Publisher = {Cambridge University Press},
	Title = {On the periodic fundamental solutions of the Stokes equations and their application to viscous flow past a cubic array of spheres},
	Volume = {5},
	Year = {1959}}

@article{ttbring08,
	Author = {Bringley, Thomas T and Peskin, Charles S},
	Journal = {Journal of Computational Physics},
	Number = {11},
	Pages = {5397--5425},
	Publisher = {Elsevier},
	Title = {Validation of a simple method for representing spheres and slender bodies in an immersed boundary method for Stokes flow on an unbounded domain},
	Volume = {227},
	Year = {2008}}

@article{PSRPY,
	Author = {Fiore, Andrew M and Balboa Usabiaga, Florencio and Donev, Aleksandar and Swan, James W},
	Journal = {The Journal of chemical physics},
	Number = {12},
	Pages = {124116},
	Publisher = {AIP Publishing},
	Title = {Rapid sampling of stochastic displacements in Brownian dynamics simulations},
	Volume = {146},
	Year = {2017}}

@book{varibook,
	Author = {Lanczos, Cornelius},
	Publisher = {Courier Corporation},
	Title = {The variational principles of mechanics},
	Year = {2012}}

@article{tornquad,
	Author = {Tornberg, Anna-Karin},
	Journal = {to appear},
	Title = {Accurate evaluation of integrals in slender-body formulation for fibers in viscous flow}}

@article{barLud,
	Author = {af Klinteberg, Ludvig and Barnett, Alex},
	Journal = {to appear},
	Title = {Accurate evaluation of nearly singular line integrals in two and three dimensions by singularity swapping}}

@article{dhale15,
	Author = {Driscoll, Tobin A and Hale, Nicholas},
	Journal = {IMA Journal of Numerical Analysis},
	Number = {1},
	Pages = {108--132},
	Publisher = {Oxford University Press},
	Title = {Rectangular spectral collocation},
	Volume = {36},
	Year = {2015}}

@article{tref17,
	Author = {Aurentz, Jared L and Trefethen, Lloyd N},
	Journal = {SIAM Review},
	Number = {2},
	Pages = {423--446},
	Publisher = {SIAM},
	Title = {Block operators and spectral discretizations},
	Volume = {59},
	Year = {2017}}

@article{mori2018theoretical,
	Author = {Mori, Yoichiro and Ohm, Laurel and Spirn, Daniel},
	Journal = {arXiv preprint arXiv:1807.00178},
	Title = {Theoretical justification and error analysis for slender body theory},
	Year = {2018}}

@article{morifree,
	Author = {Mori, Yoichiro and Ohm, Laurel and Spirn, Daniel},
	Journal = {arXiv preprint arXiv:1901.11456},
	Title = {Theoretical justification and error analysis for slender body theory with free ends},
	Year = {2019}}

@article{krub,
	Author = {Keller, Joseph B and Rubinow, Sol I},
	Journal = {Journal of Fluid Mechanics},
	Number = {4},
	Pages = {705--714},
	Publisher = {Cambridge University Press},
	Title = {Slender-body theory for slow viscous flow},
	Volume = {75},
	Year = {1976}}

@article{johnson,
	Author = {Johnson, Robert E},
	Journal = {Journal of Fluid Mechanics},
	Number = {2},
	Pages = {411--431},
	Publisher = {Cambridge University Press},
	Title = {An improved slender-body theory for Stokes flow},
	Volume = {99},
	Year = {1980}}

@article{af14fast,
	Author = {Af Klinteberg, Ludvig and Tornberg, Anna-Karin},
	Journal = {International Journal for Numerical Methods in Fluids},
	Number = {10},
	Pages = {669--698},
	Publisher = {Wiley Online Library},
	Title = {Fast Ewald summation for Stokesian particle suspensions},
	Volume = {76},
	Year = {2014}}

@article{batch70,
	Author = {Batchelor, GK},
	Journal = {Journal of fluid mechanics},
	Number = {3},
	Pages = {545--570},
	Publisher = {Cambridge University Press},
	Title = {The stress system in a suspension of force-free particles},
	Volume = {41},
	Year = {1970}}

@article{brady85,
	Author = {Brady, John F and Bossis, Georges},
	Journal = {Journal of Fluid Mechanics},
	Pages = {105--129},
	Publisher = {Cambridge University Press},
	Title = {The rheology of concentrated suspensions of spheres in simple shear flow by numerical simulation},
	Volume = {155},
	Year = {1985}}

@article{wheeler97,
	Author = {Wheeler, Dean R and Rowley, Norman G and Fuller, Richard L},
	Journal = {Molecular Physics},
	Number = {1},
	Pages = {55--62},
	Publisher = {Taylor \& Francis},
	Title = {Non-equilibrium molecular dynamics simulation of the shear viscosity of liquid methanol: adaptation of the Ewald sum to Lees-Edwards boundary conditions},
	Volume = {92},
	Year = {1997}}

@article{moto11,
	Author = {Kobayashi, Hideki and Yamamoto, Ryoichi},
	Journal = {The Journal of chemical physics},
	Number = {6},
	Pages = {064110},
	Publisher = {AIP},
	Title = {Implementation of Lees--Edwards periodic boundary conditions for direct numerical simulations of particle dispersions under shear flow},
	Volume = {134},
	Year = {2011}}

@article{fgg04,
	Author = {Greengard, Leslie and Lee, June-Yub},
	Journal = {SIAM review},
	Number = {3},
	Pages = {443--454},
	Publisher = {SIAM},
	Title = {Accelerating the nonuniform fast Fourier transform},
	Volume = {46},
	Year = {2004}}

@article{ewaldOG,
	Author = {Ewald, Paul P},
	Doi = {10.1002/andp.19213690304},
	Journal = {Ann. Phys.},
	Number = {3},
	Pages = {253--287},
	Publisher = {Wiley Online Library},
	Title = {Die Berechnung optischer und elektrostatischer Gitterpotentiale},
	Volume = {369},
	Year = {1921},
	Bdsk-Url-1 = {http://dx.doi.org/10.1002/andp.19213690304}}

@article{FluctuatingFibers_Saintillan_PNAS,
	Author = {Liu, Yanan and Chakrabarti, Brato and Saintillan, David and Lindner, Anke and du Roure, Olivia},
	Journal = {Proceedings of the National Academy of Sciences},
	Number = {38},
	Pages = {9438--9443},
	Title = {Morphological transitions of elastic filaments in shear flow},
	Volume = {115},
	Year = {2018}}

@article{FluctuatingFibers_Saintillan_PF,
	Author = {Manikantan, Harishankar and Saintillan, David},
	Journal = {Physics of Fluids},
	Number = {7},
	Pages = {073603},
	Title = {Subdiffusive transport of fluctuating elastic filaments in cellular flows},
	Volume = {25},
	Year = {2013}}

@Article{koens2016slender,
  author    = {Koens, Lyndon and Lauga, Eric},
  journal   = {Physics of Fluids},
  title     = {Slender-ribbon theory},
  year      = {2016},
  number    = {1},
  pages     = {013101},
  volume    = {28},
  publisher = {AIP Publishing LLC},
}

@Article{wagner2006cytoskeletal,
  author    = {Wagner, Bernd and Tharmann, Rainer and Haase, Ilka and Fischer, Markus and Bausch, Andreas R},
  journal   = {Proceedings of the National Academy of Sciences},
  title     = {Cytoskeletal polymer networks: the molecular structure of cross-linkers determines macroscopic properties},
  year      = {2006},
  number    = {38},
  pages     = {13974--13978},
  volume    = {103},
  publisher = {National Acad Sciences},
}

@Article{head2003deformation,
  author    = {Head, David A and Levine, Alex J and MacKintosh, FC},
  journal   = {Physical review letters},
  title     = {Deformation of cross-linked semiflexible polymer networks},
  year      = {2003},
  number    = {10},
  pages     = {108102},
  volume    = {91},
  publisher = {APS},
}

@Article{hancock1953self,
  author    = {Hancock, GJ},
  journal   = {Proceedings of the Royal Society of London. Series A. Mathematical and Physical Sciences},
  title     = {The self-propulsion of microscopic organisms through liquids},
  year      = {1953},
  number    = {1128},
  pages     = {96--121},
  volume    = {217},
  publisher = {The Royal Society London},
}

@Article{batchelor1970slender,
  author    = {Batchelor, GK},
  journal   = {Journal of Fluid Mechanics},
  title     = {Slender-body theory for particles of arbitrary cross-section in Stokes flow},
  year      = {1970},
  number    = {3},
  pages     = {419--440},
  volume    = {44},
  publisher = {Cambridge University Press},
}

@Article{maier2016magnetic,
  author    = {Maier, Alexander M and Weig, Cornelius and Oswald, Peter and Frey, Erwin and Fischer, Peer and Liedl, Tim},
  journal   = {Nano letters},
  title     = {Magnetic propulsion of microswimmers with DNA-based flagellar bundles},
  year      = {2016},
  number    = {2},
  pages     = {906--910},
  volume    = {16},
  publisher = {ACS Publications},
}

@Book{rodrigues1840lois,
  author = {Rodrigues, Olinde},
  title  = {Des lois g{\'e}om{\'e}triques qui r{\'e}gissent les d{\'e}placements d'un syst{\`e}me solide dans l'espace: et de la variation des cordonn{\'e}es provenant de ces d{\'e}placements consid{\'e}r{\'e}s ind{\'e}pendamment des causes qui peuvent les produire},
  year   = {1840},
}

@Article{greengard1991spectral,
  author    = {Greengard, Leslie},
  journal   = {SIAM Journal on Numerical Analysis},
  title     = {Spectral integration and two-point boundary value problems},
  year      = {1991},
  number    = {4},
  pages     = {1071--1080},
  volume    = {28},
  publisher = {SIAM},
}

@Comment{jabref-meta: databaseType:bibtex;}
